\usepackage{url}
\usepackage{hyperref}
@BOOK{Hintz,
  AUTHOR       = {Rawle, Alan},
  TITLE        =  {{Dynamic Light Scattering: An Introduction in 30 Minutes}},
  publisher		={Malvern-Instruments},
  NOTE         = "DLS - Technical Note MRK656-01"
}

@BOOK{Pharma,
   title = {{Moderne Arzneiformen and Pharmazeutische Technologie}},
   author = {Keck, C. M.  and Müller, R. H.  {unter Mitarbeit von Staufenbiel, S.}},
   year = {Auflage 2009},
   howpublished = "\url{http://pharmazie-lehrbuch.de/kapitel/3-2.pdf}"
}

@misc{Wiki,
	title = {{Dynamische Lichtstreuung}},
	author = {Wikipedia},
	year = {17.04.2019},
   	howpublished = "\url{https://de.wikipedia.org/wiki/Dynamische_Lichtstreuung}"
}

@misc{Sympa,
	title = {{Dynamische Lichtstreuung}},
	author = {sympatec},
	year = {17.04.2019},
   	howpublished = "\url{https://www.sympatec.com/de/partikelmesstechnik/glossar/dynamische-lichtstreuung/}"
}


@misc{Rohrdurchmesser,
	title = {{Rohrbündelwärmetauscher}},
	author = {Fero},
	year = {03.01.2020},
   	howpublished = "\url{https://www.fero.de/wasser_waerme/produkte/waermetauscher/rohrbuendelwaermetauscher/}"
}

@misc{ZetasizerCell,
	title = {{Zetasizer Nano ZS}},
	author = {Malvern Panalytical},
	year = {17.04.2019},
   	howpublished = "\url{https://particulatesystems.com/zetasizer-accessories}"
}

@misc{Praktikum,
title = {{Praktikum Porosimetrie}},
	author = {Prof. Dr.-Ing. habil. Tomas},
	year = {17.04.2019},
   	howpublished = "\url{http://www.mvt.ovgu.de/mvt_media/Seminar_Praktikum/PraktikumPorosimetrie.pdf}"

}

@misc{Henry,
title = {{Analyse von Partikelgröße und Partikelform von Kaffeepulver sorgt für optimalen Mahlgrad und besten Kaffeegeschmack}},
	author = {Sympatec GmbH},
	year = {22.04.2019},
   	howpublished = "\url{https://www.sympatec.com/de/applikationen/partikelgroessenanalyse-von-kaffee/ }"

}

@Inbook{Schoenbucher2002,
author="Sch{\"o}nbucher, Axel",
title= "Destillation, Rektifikation",
bookTitle="Thermische Verfahrenstechnik: Grundlagen und Berechnungsmethoden f{\"u}r Ausr{\"u}stungen und Prozesse",
year="2002",
publisher="Springer Berlin Heidelberg",
address="Berlin, Heidelberg",
pages="352--517",
abstract="Die Destillation ist ein mehr oder weniger vollst{\"a}ndiges thermisches Trennen von Fl{\"u}ssigkeitsgemischen in ihre Bestandteil oder in Gemische, die eine andere Zusammensetzung als das Eintritts- (Feed-, Ausgangs-, Anfangs-)gemisch aufweisen. Dabei hat der Dampf i.a. eine andere Zusammensetzung als das Fl{\"u}ssigkeitsgemisch, d.h. er ist mit tiefersiedender (leichterfl{\"u}chtigen) Komponente angereichert. Die Destillation fuhrt zu einer Entroipieabnahme des System ({\textrightarrow} Abschn. 6.1).",
isbn="978-3-642-56308-9",
doi="10.1007/978-3-642-56308-9_7",
url="https://doi.org/10.1007/978-3-642-56308-9_7"
}


@misc{Kuhlmann,
	title = {{Erdöl-Aufarbeitung}},
	author = {Kuhlmann, A. and Medra, E. and Necke, M. and Rößner, F.},
	publisher ={Chemgapedia},
	year = {01.03.2022},
   	howpublished = "\url{ http://www.chemgapedia.de/vsengine/vlu/vsc/de/ch/10/erdoel/aufarbeitung/aufarbeitung.vlu.html}"
}

@misc{Hohmann,
	title = {{Verbrauch von Ethylen und Propylen zur Produktion von Polymeren in Deutschland in den Jahren 2018 und 2019}},
	author = {M.Hohmann},
	publisher ={Statista},
	year = {17. 01 2022},
   	howpublished = "\url{ https://de.statista.com/statistik/daten/studie/1284394/umfrage/verbrauch-von-petrochemikalien/}"
}

@misc{Tao,
	title = "Petrochemical from oil, natural gas, coal and biomass. Energy use, economics and innovation",
	author = {Ren, Tao},
	place = {Netherlands},
	year = {2009},
	month = {Mar},
}

@misc{Schneider,
	title = {{Technologiebericht 6.4 Low-carbon undressourceneffiziente Industrie innerhalb des Forschungsprojekt TF\_Energiewende}},
	author = {Schneider, C. },
	place = {Wuppertal},
	publisher ={Wuppertal Institut für Klima, Umwelt, Energie gGmbh},
	year = {2018}
}

@misc{Weinkraut,
	title = "Selektive Hydrierung von Propin an palladiumbasierten SCILL-Katalysatoren. Dissertation- Selektive Hydrierung von Propin an palladiumbasierten SCILL-Katalysatoren",
	author = {Weinkraut, M. F.},
	place = {Darmstadt},
	publisher ={TU Darmstadt},
	year = {2019}
}


@misc{chemie_schule,
	title = "Rektifikation (Verfahrenstechnik)",
	publisher ={Die Chemie-Schule},
	year = {02.03.2022},
	howpublished = "\url{https://de.statista.com/statistik/daten/studie/1284394/umfrage/verbrauch-von-petrochemikalien/}"
}


@misc{Bockhorn,
	title = "Versuchsbeschreibung zum Chemisch-Technischen Grundpraktikum - Kontinuierliche Rektifikation",
	author = {Bockhorn, H.},
	publisher ={Universität Karlsruhe, Institut für Technische Chemie und Polymerchemie},
	year = {02.03.2022},
	howpublished = "\url{https://www.itcp.kit.edu/deutschmann/img/content/Glockenbodenkolonne.pdf}"
}

@misc{Brehm,
	title = "Praktikum der Technischen Chemie - Rektifikation",
	author = {Brehm, A.},
	publisher ={Universität Oldenburg},
	year = {02.03.2022},
	howpublished = "\url{http://www.gmehling.chemie.uni-oldenburg.de/Praktikum/Rektifikation.pdf}"
}


@misc{Funktion_und_Aufbau,
	title = {{Rektifikation: Funktion und Aufbau von Rektifikationsanlagen}},
	publisher ={Chemgapedia},
	year = {02.03.2022},
	howpublished = "\url{http://www.chemgapedia.de/vsengine/vlu/vsc/de/ch/10/rektifikation/aufbau/aufbau.vlu.html}"
}

@misc{Schneider2,
	title = "Destillationskolonnen (Rektifikationskolonnen)",
	author = {Schneider, M.},
	publisher ={Verfahrensingenieur},
	year = {02.03.2022},
	howpublished = "\url{http://www.verfahrensingenieur.de/Destillationskolonnen.html}"
}

@book{Grassmann,
author = {},
editor = {Peter Grassmann and Fritz Widmer and Hansjörg Sinn},
doi = {doi:10.1515/9783110814972},
url = {https://doi.org/10.1515/9783110814972},
title = "Einführung in die thermische Verfahrenstechnik",
year = {2011},
publisher = {De Gruyter},
ISBN = {9783110814972}
}


@misc{Sievers,
	title = "Thermische Verfahrenstechnik 2",
	author = {Sievers, A.},
	publisher ={HWH Hamburg, Fakultät Life Sciences, Department Verfahrenstechnik},
	year = {02.03.2022},
	howpublished = "Skript zur Vorlesung"
}

@misc{Strompreis,
	title = "STROMPREISENTWICKLUNG",
	publisher ={STROM-REPORT},
	year = {30.03.2022},
	howpublished = "\url{https://strom-report.de/strompreise/strompreisentwicklung/}"
}


